
@misc{simpy,
  title = {SimPy},
  url = {simpy.readthedocs.org/}
}


@online{eureqa_software,
  title = {Eureqa (Version 0.98 beta) [Software]},
  author = {Schmidt, M. and Lipson, H.},
  year = 2013,
  url = {www.eureqa.com/}
}

@article{eureqa_paper,
  title = {{Distilling Free-Form Natural Laws from Experimental Data}},
  author = {Schmidt M. and Lipson, H.},
  year = 2009,
  journal = {Science},
  volume = 324,
}

@inproceedings{tutschku1998demand,
  title={Demand-Based Radio Network Planning of Cellular Mobile Communication Systems},
  author={Tutschku, K.},
  booktitle={$17^{\text{th}}$ Conf. on Computer Communications},
  year={1998},
}


@article{metzger2014jcnc,
  title={{Exploratory Analysis of a GGSN’s PDP Context Signaling Load}},
  author={Metzger, F. and Rafetseder, A. and Romirer-Maierhofer, P., and Tutschku, K.},
  journal={Journal of Computer Networks and Communications},
  year=2014,
  month={February},
  publisher={Hindawi Publishing Corporation},
  vol=2014,
  keywords={ownpub},
  doi = {doi:10.1155/2014/526231},
}

@article{metzger2012research,
  title={{Research Report On Signaling Load and Tunnel Management in a 3G Core Network}},
  author={Metzger, F. and Rafetseder, A. and Romirer-Maierhofer, P. and Gebert, S. and Salzlechner, K. and Tutschku, K.},
  year={2012},
  publisher={University of Würzburg}
}

@ARTICLE{schwartz2013angrybirds,
  author = {Schwartz, C. and  Hossfeld, T. and  Lehrieder, F. and  Tran-Gia, P.},
  title = {{Angry Apps: The Impact of Network Timer Selection on Power Consumption, Signalling Load, and Web QoE}},
  journal = {Journal of Computer Networks and Communications},
  year = {2013}
}

@ARTICLE{4640935,
author={Barbuzzi, A. and Ricciato, F. and Boggia, G.},
journal={Communications Letters, IEEE}, 
title={Discovering Parameter Setting in 3G Networks via Active Measurements},
year={2008},
volume={12},
ISSN={1089-7798},}

@INPROCEEDINGS{5360763,
author={Perala, P.H.J. and Barbuzzi, A. and Boggia, G. and Pentikousis, K.},
booktitle={GLOBECOM Workshops},
title={{Theory and Practice of RRC State Transitions in UMTS Networks}},
year={2009},
}

@INPROCEEDINGS{4675847,
author={Romirer-Maierhofer, P. and Ricciato, F. and Coluccia, A.},
booktitle={Local and Metropolitan Area Networks},
title={{Explorative Analysis of One-way Delays in a Mobile 3G Network}},
year=2008,
month=sep,
}

@article{Ricciato2010551,
title = "A review of DoS attack models for 3G cellular networks from a system-design perspective",
journal = "Computer Communications ",
volume = "33",
year = "2010",
url = "www.sciencedirect.com/science/article/pii/S0140366409003168",
author = "Ricciato, F. and Coluccia, A. and D’Alconzo, A.",
}

@inproceedings{Qian:2010:CRR:1879141.1879159,
 author = {Qian, F. and Wang, Z. and Gerber, A. and Mao, Z. M. and Sen, S. and Spatscheck, O.},
 title = {{Characterizing radio resource allocation for 3G networks}},
 booktitle = {$10^{\text{th}}$ SIGCOMM Conf. on Internet Measurement},
 year = {2010},
} 


@article{Zhang:2012:UCC:2377677.2377764,
 author = {Zhang, Y. and Årvidsson, A.},
 title = {Understanding the Characteristics of Cellular Data Traffic},
 journal = {SIGCOMM Comput. Commun. Rev.},
 volume = {42},
 month = {sep},
 year = {2012},
} 

@misc{3gpp29060,
  title={{3GPP TS 29.060 GPRS Tunnelling Protocol (GTP) across the Gn and Gp interface}},
  author={3GPP},
  year={2012}
}

@misc{3gpp23060,
  title={{3GPP TS 23.060 General Packet Radio Service (GPRS); Service description; Stage 2}},
  author={3GPP},
  year={2012}
}

@misc{3gpp23003,
  title={{3GPP TS 23.003 Technical Specification Group Core Network and Terminals; Numbering, addressing and identification}},
  author={3GPP},
  year={2012}
}

@misc{3gpp25331,
  title={{3GPP TS 25.331 Radio Resource Control (RRC); Protocol specification}},
  author={3GPP},
  year={2012}
}

@inproceedings{svoboda2006composition,
  title={{Composition of GPRS, UMTS Traffic: Snapshots from a Live Network}},
  author={Svoboda, P. and Ricciato, F. and Hasenleithner, E. and Pilz, R.},
  booktitle={$4^{\text{th}}$ Workshop on Internet Performance, Simulation, Monitoring and Measurement},
  year={2006}
}

@inproceedings{paul2011understanding,
  title={{Understanding traffic dynamics in cellular data networks}},
  author={Paul, U. and Subramanian, A.P. and Buddhikot, M.M. and Das, S.R.},
  booktitle={$30^{\text{th}}$ Conf. on Computer Communications},
  year={2011},
}

@inproceedings{shafiq2011characterizing,
  title={{Characterizing and Modeling Internet Traffic Dynamics of Cellular Devices}},
  author={Shafiq, M.Z. and Ji, L. and Liu, A.X. and Wang, J.},
  booktitle={SIGMETRICS},
  year={2011}
}

@inproceedings{lee2007detection,
  title={{On the Detection of Signaling DoS Attacks on 3G Wireless Networks}},
  author={Lee, P.P.C. and Bu, T. and Woo, T.},
  booktitle={$26^{\text{th}}$ Conf. on Computer Communications},
  year={2007},
}

@inproceedings{qian2011profiling,
  title={{Profiling Resource Usage for Mobile Applications: A Cross-Layer Approach}},
  author={Qian, F. and Wang, Z. and Gerber, A. and Mao, Z. and Sen, S. and Spatscheck, O.},
  booktitle={{$9^{\text{th}}$ Conf. on Mobile Systems, Applications, and Services}},
  year={2011},
}

@article{wang2011untold,
  title={{An untold story of middleboxes in cellular networks}},
  author={Wang, Z. and Qian, Z. and Xu, Q. and Mao, Z. and Zhang, M.},
  journal={SIGCOMM-Computer Communication Review},
  volume={41},
  year={2011}
}

@misc{it2011birdandroid,
  title={{Angry Birds + Android + ads = network overload}},
  author={Corner, S.},
  year={2011},
  url={www.itwire.com/business-it-news/networking/47823-angry-birds-android-ads-network-overload}
}

@misc{lt2012docostorm,
  title={{Android Signaling Storm Rises in Japan}},
  author={Donegan, M.},
  year={2012},
  url={/www.lightreading.com/blog.asp?blog_sectionid=414&doc_id=216929&f_src=lrdailynewsletter}
}

@misc{hw2011sigstorm,
  title={{Weather the signaling storm}},
  author={Yang, C.},
  year={2011},
  journal={Huawei Communicate}
}

@misc{gsma2011fdbestpract,
  title={{Fast Dormancy Best Practises}},
  author={{GSM Association}},
  year={2012},
  url={www.gsma.com/newsroom/1-0-network-efficiency-task-force-fast-dormancy-best-practices}
}

@misc{tacdb,
  title={{Public Research TAC Database}},
  author={Mulliner, C.},
  url={www.mulliner.org/tacdb/}
}

@InProceedings{he2012panoramic,
	booktitle = {Proceedings of IFIP/TC6 Networking 2012},
	month = {May},
	location = {Prague, Czech Republic},
	title = {{A Panoramic View of 3G Data/Control-Plane Traffic: Mobile Device Perspective}},
	year = {2012},
	author = {He, X. and Lee, P.P.C. and Pan, L. and He, C. and Lui, J.C.S.}
}

@article{ricciato2006traffic,
  title={{Traffic monitoring and analysis in 3G networks: lessons learned from the METAWIN project}},
  author={Ricciato, F. and Svoboda, P. and Motz, J. and Fleischer, W. and Sedlak, M. and Karner, M. and Pilz, R. and Romirer-Maierhofer, P. and Hasenleithner, E. and Jäger, W. and others},
  journal={e \& i Elektrotechnik und Informationstechnik},
  volume={123},
  year={2006},
}

@InProceedings{laner2012delaycomparison,
	booktitle = {Proceedings of the 8th International Workshop on Wireless Network Measurements WinMee'12},
	month = {May},
	title = {{A Comparison Between One-way Delays in Operating HSPA and LTE Networks}},
	year = {2012},
	author = {Laner, M. and Svoboda, P. and Romirer-Maierhofer, P. and Nikaein, N. and Ricciato, F. and Rupp, M.}
}

@Book{bannister_convergence_2004,
	title = {{Convergence technologies for 3G networks: IP,UMTS, EGPRS and ATM}},
	year = {2004},
	month = {May},
	publisher = {John Wiley and Sons},
	author = {Bannister, J. and Mather, P. and Coope, S.}
}

@Article{ricciato_2011,
	title = {{Introduction to the DARWIN Project}},
	author = {Ricciato, F.},
	url = {www.ftw.at/~ricciato/darwin/},
	note = {Accessed: 06-Jul-2011}
}

@misc{etsi_3gpp_2008,
  title={{3GPP TS 129.060, version 10.4.0: Digital cellular telecommunications system (Phase 2+); Universal Mobile Telecommunications System (UMTS); General Packet Radio Service (GPRS); GPRS Tunnelling Protocol (GTP) across the Gn and Gp interface}},
  author={3GPP},
  year={2012},
  month={January}
}

@misc{etsi_3gpp_2011-1,
  title={{3GPP TS 23.003, version 10.2.0: Digital cellular telecommunications system (Phase 2+); universal mobile telecommunications system (UMTS); numbering, addressing and identification}},
  author={3GPP},
  year={2011},
  month={June}
}

@PhDThesis{donnelly_high_2002,
	title = {{High precision timing in passive measurements of data networks}},
	school = {Waikato University},
	month = {June},
	year = {2002},
	author = {Donnelly, S.F.},
	note = {Dissertation}
}

@inproceedings{sigcomm11middleboxes,
 author = {Wang, Z. and Qian, Z. and Xu, Q. and Mao, Z. and Zhang, M.},
 title = {An untold story of middleboxes in cellular networks},
 booktitle = {Proceedings of the ACM SIGCOMM 2011 conference},
 series = {SIGCOMM '11},
 year = {2011},
} 

@misc{nfv_whitepaper,
  author = {{NFV Industry Specification Group in ETSI}},
  title = {{Network Functions Virtualisation -- An Introduction, Benefits, Enablers, Challenges \& Call for Action}},
  type = {Whitepaper},
  howpublished = {SDN \& OpenFlow World Congress},
  year = 2013,
  month = oct
}

@book{stats,
  title={{The Essential Guide to Effect Sizes: Statistical Power, Meta-analysis, and the Interpretation of Research Results}},
  author={Ellis, Paul D},
  year={2010},
  publisher={Cambridge University Press}
}
